@Article{rufibach_16,
  Title                    = {Bayesian Predictive Power: Choice of Prior and some Recommendations for its Use as Probability of Success in Drug Development},
  Author                   = {Rufibach, K. and Burger, H.U. and Abt, M.},
  Journal                  = {Pharm. Stat.},
  Year                     = {2016},
  Pages                    = {438-446},
  Volume                   = {15},
  Institution              = {Roche}
}

@article{kunzmann2020,
  author = {Kunzmann, Kevin and Grayling, Michael J and Lee, Kim May and Robertson, David S and Rufibach, Kaspar and Wason, James},
  journal = {The American Statistician},
  title   = {A review of Bayesian perspectives on sample size derivation for confirmatory trials},
  pages = {doi:10.1080/00031305.2021.1901782},
  year    = {2021}
}

@article{bauer2006,
  author  = {Bauer, Peter and Koenig, Franz},
  journal = {Statistics in Medicine},
  number  = {1},
  pages   = {23--36},
  title   = {{The reassessment of trial perspectives from interim data--A critical view}},
  volume  = {25},
  year    = {2006}
}

@article{muller2004,
  author  = {M{\"{u}}ller, Hans-Helge and Sch{\"{a}}fer, Helmut},
  journal = {Statistics in Medicine},
  number  = {16},
  pages   = {2497--508},
  title   = {A general statistical principle for changing a design any time during the course of a trial},
  volume  = {23},
  year    = {2004}
}

@article{brannath2004,
  author  = {Brannath, Werner and Bauer, Peter},
  journal = {Biometrics},
  number  = {3},
  pages   = {715--23},
  title   = {Optimal conditional error functions for the control of conditional power},
  volume  = {60},
  year    = {2004}
}

@article{muller2001,
  author  = {M{\"{u}}ller, H H and Sch{\"{a}}fer, H},
  journal = {Biometrics},
  number  = {3},
  pages   = {886--91},
  title   = {{Adaptive group sequential designs for clinical trials: Combining the advantages of adaptive and of classical group sequential approaches}},
  volume  = {57},
  year    = {2001}
}

@article{spiegelhalter1994,
  author  = {Spiegelhalter, David J and Freedman, Laurence S and Parmar, Mahesh KB},
  journal = {Journal of the Royal Statistical Society: Series A (Statistics in Society)},
  number  = {3},
  pages   = {357--387},
  title   = {Bayesian approaches to randomized trials},
  volume  = {157},
  year    = {1994}
}

@article{denne2001,
  author  = {Denne, Jonathan S},
  journal = {Statistics in Medicine},
  number  = {17-18},
  pages   = {2645--60},
  title   = {Sample size recalculation using conditional power},
  volume  = {20},
  year    = {2001}
}

@article{brannath2012,
  author  = {Brannath, Werner and Gutjahr, Georg and Bauer, Peter},
  journal = {Journal of the American Statistical Association},
  number  = {498},
  pages   = {824--32},
  title   = {Probabilistic foundation of confirmatory adaptive designs},
  volume  = {107},
  year    = {2012}
}

@article{adoptrjss2020,
  title={The adoptr Package: Adaptive Optimal Designs for Clinical Trials in R},
  author={Kunzmann, Kevin and Pilz, Maximilian and Herrmann, Carolin and Rauch, Geraldine and Kieser, Meinhard},
  journal={Journal of Statistical Software},
  volume={98},
  number={1},
  pages={1--21},
  year={2021}
}

@article{bauer2016,
  author  = {Bauer, Peter and Bretz, Frank and Dragalin, Vladimir and K{\"o}nig, Franz and Wassmer, Gernot},
  journal = {Statistics in Medicine},
  number  = {3},
  pages   = {325--47},
  title   = {{Twenty-five years of confirmatory adaptive designs: Opportunities and pitfalls}},
  volume  = {35},
  year    = {2016}
}

@article{proschan1995,
  author  = {Proschan, Michael A and Hunsberger, Sally A},
  journal = {Biometrics},
  number  = {4},
  pages   = {1315--24},
  title   = {Designed extension of studies based on conditional power},
  volume  = {51},
  year    = {1995}
}

@article{pilz2019,
  author  = {Pilz, Maximilian and Kunzmann, Kevin and Herrmann, Carolin and Rauch, Geraldine and Kieser, Meinhard},
  journal = {Statistics in Medicine},
  number  = {21},
  pages   = {4159--71},
  title   = {A variational approach to optimal two-stage designs},
  volume  = {38},
  year    = {2019}
}

@article{jennison2015,
  author  = {Jennison, Christopher and Turnbull, Bruce W},
  journal = {Statistics in Medicine},
  number  = {29},
  pages   = {3793--810},
  title   = {{Adaptive sample size modification in clinical trials: Start small then ask for more?}},
  volume  = {34},
  year    = {2015}
}

@article{cui1999,
  author  = {Cui, Lu and Hung, HM James and Wang, Sue-Jane},
  journal = {Biometrics},
  number  = {3},
  pages   = {853--7},
  title   = {Modification of sample size in group sequential clinical trials},
  volume  = {55},
  year    = {1999}
}

@article{bhatt2013,
  author  = {Bhatt, Deepak L and Stone, Gregg W and Mahaffey, Kenneth W and Gibson, C Michael and Steg, P Gabriel and Hamm, Christian W and Price, Matthew J and Leonardi, Sergio and Gallup, Dianne and Bramucci, Ezio and others},
  journal = {New England Journal of Medicine},
  number  = {14},
  pages   = {1303--13},
  title   = {Effect of platelet inhibition with cangrelor during PCI on ischemic events},
  volume  = {368},
  year    = {2013}
}

@article{mehta2009,

  author  = {Mehta, Cyrus and Gao, Ping and Bhatt, Deepak L and Harrington, Robert A and Skerjanec, Simona and Ware, James H},
  journal = {Circulation},
  number  = {4},
  pages   = {597--605},
  title   = {{Optimizing trial design: Sequential, adaptive, and enrichment strategies}},
  volume  = {119},
  year    = {2009}
}

@book{wassmer2016,
  author    = {Wassmer, Gernot and Brannath, Werner},
  title     = {Group sequential and confirmatory adaptive designs in clinical trials},
  publisher = {Springer},
  year      = {2016}
}

@article{birkett1994internal,
  author  = {Birkett, Martin A and Day, Simon J},
  journal = {Statistics in Medicine},
  number  = {23-24},
  pages   = {2455--63},
  title   = {Internal pilot studies for estimating sample size},
  volume  = {13},
  year    = {1994}
}

@article{gutjahr2011,
  author  = {Gutjahr, Georg and Brannath, Werner and Bauer, Peter},
  journal = {Biometrics},
  number  = {3},
  pages   = {1039--46},
  title   = {An approach to the conditional error rate principle with nuisance parameters},
  volume  = {67},
  year    = {2011}
}

@book{spiegelhalter2004,
    title={Bayesian approaches to clinical trials and health-care evaluation},
    author={Spiegelhalter, David J and Abrams, Keith R and Myles, Jonathan P},
    volume={13},
    year={2004},
    publisher={John Wiley \& Sons, Hoboken, New Jersey}
}

@article{kinnersley2013,
  author={Kinnersley, Nelson and Day, Simon},
  title={Structured approach to the elicitation of expert beliefs for a Bayesian-designed clinical trial: a case study},
  journal={Pharmaceutical Statistics},
  year={2013},
  volume={12},
  number={2},
  pages={104--113},
  __markedentry={[rufiback:6]}
}

@misc{shelf,
  author={Oakley, J and O'Hagan, A},
  title={{SHELF: the Sheffield Elicitation Framework}},
  year={2019},
  url={http://www.tonyohagan.co.uk/shelf/},
  version={4},
  howpublished={Published online at www.tonyohagan.co.uk/shelf/}
}

@article{dallow2018,
  author={Dallow, Nigel and Best, Nicky and Montague, Timothy H},
  title={Better decision making in drug development through adoption of formal prior elicitation},
  journal={Pharmaceutical Statistics},
  year={2018},
  volume={17},
  number={4},
  month=jul,
  pages={301--316},
  issn={1539-1612},
  doi={10.1002/pst.1854}
 }

 @article{hampson2021,
  author={Hampson, LV and Bornkamp, B and Holzhauer, B and Kahn, J and Lange, MR and Luo, W-L and Cioppa, GD and Stott, K and Ballersted, S},
  title={Improving the assessment of the probability of success in late stage drug development},
  journal={arXiv preprint},
  year={2021},
  volume={arXiv:2102.02752},
  url={https://arxiv.org/abs/2102.02752}
 }

 @Manual{rpact2021,
    title = {rpact: Confirmatory Adaptive Clinical Trial Design and Analysis},
    author = {Gernot Wassmer and Friedrich Pahlke},
    year = {2021},
    note = {R package version 3.1.0},
    url = {https://CRAN.R-project.org/package=rpact},
    organization = {rpact},
    address = {https://www.rpact.org/}
  }

  @Article{nloptr,
    title = {The NLopt nonlinear-optimization package},
    author = {Steven G. Johnson}
  }
